@misc{research_computing_docs,
    author = {Boris Bolliet},
    title = {Research Computing Documentation},
    year = {2024},
    note = {\url{https://researchcomputing.readthedocs.io/en/latest/}}
}
